@inbook{OdbornyText,
	title = {TYPOGRAFIE and ODBORNÝ TEXT},
	author = {Martin Knytl},
	chapter = {ÚVOD DO TYPOGRAFIE A ODBORNÉHO TEXTU},
	pages = {9},
	publisher = {Gaudeamus},
	year = {2022},
	ISBN = {978-80-7435-875-3},
}

@inbook{WhyLatex,
	title = {LaTeX Beginner's Guide},
	author = {Stefan Kottwitz},
	chapter = {Getting Started with LaTeX},
	pages = {10-11},
	publisher = {Packt},
	year = {2011},
	ISBN = {978-1-847199-86-7},
}

@mastersthesis{Bakalarska2,
	title = {VÝVOJ A HISTORIE TEORIE PRAVDĚPODOBNOSTI},
	author = {itka Michalová},
	school = {VYSOKÉ UČENÍ TECHNICKÉ V BRNĚ FAKULTA STROJNÍHO INŽENÝRSTVÍ},
	type = {Bakalářská práce},
	year = {2020},
	url = {https://dspace.vutbr.cz/bitstream/handle/11012/191724/final-thesis.pdf?sequence=-1}
}

@mastersthesis{BakalarPrace1,
	title = {Volná typografická kompozice},
	author = {Lucie Nová},
	school = {Západočeská univerzita v plzni fakulta pedagogická katedra výtvarné výchovy a kultury},
	type = {Bakalářská práce},
	year = {2018},
	url = {https://otik.zcu.cz/bitstream/11025/32253/1/bp_lucie_nova.pdf}
}

@article{FullArticle,
  title     ={Typography Magazine},
  author    ={Dylan Cunningham, Akanksa Chaubal},
  journal   ={Byzantine Magazine},
  volume    ={9},
  pages     ={6-15},
  year      ={2019},
}

@misc{Overleaf,
	author      = {Overleaf},
	title       = {Bold, italics and underlining},
	howpublished= {[online]},
	url         = {https://ru.overleaf.com/learn/latex/Bold%2C_italics_and_underlining},
}

@misc{Latexlist,
	author      = {LaTeX-Tutorial},
	title       = {LaTeX list Enumerate and Itemize},
	howpublished= {[online]},
	url         = {https://latex-tutorial.com/tutorials/lists/},
}

@misc{Stack,
	author      = {TexStackExchange},
	title       = {formatting of sections and subsections},
	howpublished= {[online]},
	url         = {https://tex.stackexchange.com/questions/659473/formatting-of-sections-and-subsections},
}

@article{Article,
  title     ={TypeNotes},
  journal   ={Fontsmith},
  volume    ={3},
  pages     ={4},
  year      ={2020},
}