@misc{slozitost,
	author      = {pro Vývojáře},
	title       = {Prohledávání do šířky},
	howpublished= {[online]},
	url         = {https://wiki.provyvojare.cz/algorithm/bfs},
}
